@article{dijkstra1959,
  author = {Edsger W. Dijkstra},
  title = {A note on two problems in connexion with graphs},
  journal = {Numerische Mathematik},
  volume = {1},
  number = {1},
  pages = {269--271},
  year = {1959},
  publisher = {Springer},
  doi = {10.1007/BF01386390}
}

@inproceedings{abraham2011,
  author = {Ittai Abraham and Daniel Delling and Andrew V. Goldberg and Renato F. Werneck},
  title = {Highway Dimension and Provably Efficient Shortest Path Algorithms},
  booktitle = {Proceedings of the Twenty-Second Annual ACM-SIAM Symposium on Discrete Algorithms},
  year = {2011},
  publisher = {SIAM},
  doi = {10.1137/1.9781611973082.56}
}

@article{yu2018,
  author = {Bing Yu and Haoteng Yin and Zhanxing Zhu},
  title = {Spatio-Temporal Graph Convolutional Networks: A Deep Learning Framework for Traffic Forecasting},
  journal = {arXiv preprint arXiv:1709.04875},
  year = {2018}
}

@article{li2018,
  author = {Yaguang Li and Rose Yu and Cyrus Shahabi and Yan Liu},
  title = {Diffusion Convolutional Recurrent Neural Network: Data-Driven Traffic Forecasting},
  journal = {arXiv preprint arXiv:1707.01926},
  year = {2018}
}

@article{cui2019,
  author = {Zhengping Cui and Kristian Henrickson and Yaguang Li and Yan Liu},
  title = {Traffic Graph Convolutional Recurrent Neural Network: A Deep Learning Framework for Network-Scale Traffic Learning and Forecasting},
  journal = {IEEE Transactions on Intelligent Transportation Systems},
  year = {2019},
  doi = {10.1109/TITS.2019.2928701}
}

@article{voloch2021,
  author = {Nadav Voloch and Noa Voloch-Bloch},
  title = {Finding the Fastest Navigation Route by Real-Time Future Traffic Estimations},
  journal = {2021 IEEE International Conference on Microwaves, Communications, Antennas and Electronic Systems (COMCAS)},
  year = {2021},
  publisher = {IEEE},
  doi = {10.1109/COMCAS52884.2021.9628700}
}

@article{tgraphformer,
  author = {Chen, Xiang and Yang, Li and others},
  title = {T-Graphormer: Using Transformers for Spatiotemporal Forecasting},
  journal = {Proceedings of the AAAI Conference on Artificial Intelligence},
  year = {2023}
}

@article{hybridgnn,
  author = {Zhou, Yiqing and Wang, Rui and others},
  title = {A Novel Hybrid Time-Varying Graph Neural Network for Traffic Flow Forecasting},
  journal = {Neurocomputing},
  year = {2023}
}

@article{stssl,
  author = {Xu, Yifan and Shen, Yiqi and others},
  title = {Spatio-Temporal Self-Supervised Learning for Traffic Flow Prediction},
  journal = {IEEE Transactions on Intelligent Transportation Systems},
  year = {2023}
}

@article{trendfusion,
  author = {Liu, Zhiwei and others},
  title = {Dynamic Trend Fusion Module for Traffic Flow},
  journal = {Transportation Research Part C: Emerging Technologies},
  year = {2023}
}

@article{stunet,
  author = {Zhao, Liang and others},
  title = {ST-UNet: A Spatio-Temporal U-Network for Graph-structured Time Series Modeling},
  journal = {Proceedings of the ACM SIGKDD Conference},
  year = {2023}
}

@article{trajectoryintentnet,
  author = {Wu, Zonglin and others},
  title = {Intent-Aware Trajectory Prediction via Temporal Attention and Interaction Graphs},
  journal = {CVPR},
  year = {2022}
}

@article{trafficpredict,
  author = {Ma, Wenjie and others},
  title = {TrafficPredict: Trajectory Prediction for Heterogeneous Traffic-Agents},
  journal = {Proceedings of the AAAI Conference on Artificial Intelligence},
  year = {2019}
}

@article{domainadaptation,
  author = {Zheng, Han and others},
  title = {Domain Adversarial Spatial-Temporal Network: A Transferable Framework for Short-term Traffic Forecasting Across Cities},
  journal = {IJCAI},
  year = {2022}
}

@article{stdecouple,
  author = {Liu, Xiaoyu and others},
  title = {Spatial-Temporal-Decoupled Masked Pre-training for Spatiotemporal Forecasting},
  journal = {NeurIPS},
  year = {2023}
}

@misc{GoogleMaps,
  author = {Google},
  title = {Google Maps: Driving directions},
  url = {https://maps.google.com},
  note = {Accessed: April 7, 2025}
}

@article{Laor2022,
  author = {Tal Laor and Yair Galily},
  title = {In WAZE we trust? GPS-based navigation application users' behavior and patterns of dependency},
  journal = {PLOS ONE},
  volume = {17},
  number = {11},
  pages = {e0276449},
  year = {2022},
  publisher = {Public Library of Science},
  doi = {10.1371/journal.pone.0276449}
}

@misc{li2018_metrla,
  author = {Yaguang Li and Rose Yu and Cyrus Shahabi and Yan Liu},
  title = {METR-LA dataset for traffic forecasting},
  howpublished = {https://github.com/liyaguang/DCRNN},
  year = {2018},
  note = {Accessed: 2025-04-07}
}

@misc{pemsbay,
  author = {Yaguang Li and Rose Yu and Cyrus Shahabi and Yan Liu},
  title = {PEMS-BAY dataset for traffic forecasting},
  howpublished = {https://github.com/liyaguang/DCRNN},
  year = {2018},
  note = {Accessed: 2025-04-07}
}

@article{hart1968formal,
  author = {Peter E. Hart and Nils J. Nilsson and Bertram Raphael},
  title = {A Formal Basis for the Heuristic Determination of Minimum Cost Paths},
  journal = {IEEE Transactions on Systems Science and Cybernetics},
  volume = {4},
  number = {2},
  pages = {100--107},
  year = {1968},
  doi = {10.1109/TSSC.1968.300136}
}

@article{bellman1958routing,
  author = {Richard Bellman},
  title = {On a Routing Problem},
  journal = {Quarterly of Applied Mathematics},
  volume = {16},
  pages = {87--90},
  year = {1958}
}

@article{pohl1971bi,
  author = {Ira Pohl},
  title = {Bi-directional Search},
  journal = {Machine Intelligence},
  volume = {6},
  pages = {127--140},
  year = {1971}
}

@inproceedings{geisberger2008,
  author = {Robert Geisberger and Peter Sanders and Dominik Schultes and Christian Vetter},
  title = {Contraction Hierarchies: Faster and Simpler Hierarchical Routing in Road Networks},
  booktitle = {Proceedings of the 7th International Conference on Experimental Algorithms (WEA)},
  year = {2008},
  pages = {319--333},
  publisher = {Springer},
  doi = {10.1007/978-3-540-68552-4_24}
}

@inproceedings{delling2011,
  author = {Daniel Delling and Andrew V. Goldberg and Thomas Pajor and Renato F. Werneck},
  title = {Customizable Route Planning},
  booktitle = {Proceedings of the 10th International Symposium on Experimental Algorithms (SEA)},
  year = {2011},
  pages = {376--387},
  publisher = {Springer},
  doi = {10.1007/978-3-642-20662-7_32}
}

@misc{IEA2022Transport,
  author = {{International Energy Agency}},
  title = {Transport – Global CO₂ Emissions by Sector},
  year = {2022},
  howpublished = {\url{https://www.iea.org/reports/co2-emissions-in-2022/transport}},
  note = {Accessed: 2025-04-07}
}

@misc{INRIX2022Report,
  author = {{INRIX Research}},
  title = {INRIX 2022 Global Traffic Scorecard},
  year = {2022},
  howpublished = {\url{https://inrix.com/scorecard/}},
  note = {Accessed: 2025-04-07}
}
@article{bellman1958routing,
  author = {Richard Bellman},
  title = {On a Routing Problem},
  journal = {Quarterly of Applied Mathematics},
  volume = {16},
  pages = {87--90},
  year = {1958}
}

@article{hart1968formal,
  author = {Peter E. Hart and Nils J. Nilsson and Bertram Raphael},
  title = {A Formal Basis for the Heuristic Determination of Minimum Cost Paths},
  journal = {IEEE Transactions on Systems Science and Cybernetics},
  volume = {4},
  number = {2},
  pages = {100--107},
  year = {1968},
  doi = {10.1109/TSSC.1968.300136}
}

@article{pohl1971bi,
  author = {Ira Pohl},
  title = {Bi-directional Search},
  journal = {Machine Intelligence},
  volume = {6},
  pages = {127--140},
  year = {1971}
}

@article{ford1956maxflow,
  author = {L. R. Ford and D. R. Fulkerson},
  title = {Maximal Flow Through a Network},
  journal = {Canadian Journal of Mathematics},
  volume = {8},
  pages = {399--404},
  year = {1956}
}

@article{dinic1970,
  author = {E. A. Dinic},
  title = {Algorithm for Solution of a Problem of Maximum Flow in Networks with Power Estimation},
  journal = {Soviet Math Dokl.},
  volume = {11},
  pages = {1277--1280},
  year = {1970}
}

@article{floyd1962,
  author = {Robert W. Floyd},
  title = {Algorithm 97: Shortest Path},
  journal = {Communications of the ACM},
  volume = {5},
  number = {6},
  pages = {345},
  year = {1962}
}

@article{johnson1977,
  author = {Donald B. Johnson},
  title = {Efficient Algorithms for Shortest Paths in Sparse Networks},
  journal = {Journal of the ACM},
  volume = {24},
  number = {1},
  pages = {1--13},
  year = {1977}
}

@article{edmonds1972,
  author = {Jack Edmonds and Richard M. Karp},
  title = {Theoretical Improvements in Algorithmic Efficiency for Network Flow Problems},
  journal = {Journal of the ACM},
  volume = {19},
  number = {2},
  pages = {248--264},
  year = {1972}
}

@article{goldberg1988,
  author = {Andrew V. Goldberg and Robert E. Tarjan},
  title = {A New Approach to the Maximum Flow Problem},
  journal = {Journal of the ACM},
  volume = {35},
  number = {4},
  pages = {921--940},
  year = {1988}
}

@inproceedings{goldberg2005,
  author = {Andrew V. Goldberg and Chris Harrelson},
  title = {Computing the Shortest Path: A* Search Meets Graph Theory},
  booktitle = {Proceedings of the 16th Annual ACM-SIAM Symposium on Discrete Algorithms (SODA)},
  year = {2005},
  pages = {156--165},
  publisher = {SIAM},
  url = {https://dl.acm.org/doi/10.5555/1070432.1070459}
}

@article{AuctionJunction2020,
  author = {M. Kumar and A. Singh},
  title = {Auction-Based Algorithm for a Smart Junction with Social Priorities},
  journal = {International Journal of Advanced Research in Electrical, Electronics and Instrumentation Engineering},
  volume = {9},
  number = {5},
  pages = {4356--4364},
  year = {2020}
}

@article{SmartIntersection2017,
  author = {M. Naeem and J. Gao and M. U. Hassan},
  title = {Traffic control in a smart intersection by an algorithm},
  journal = {Journal of Traffic and Transportation Engineering},
  volume = {4},
  number = {1},
  pages = {81--87},
  year = {2017}
}

@inproceedings{SmartCityGraphs2021,
  author = {A. Chattopadhyay and D. Das and R. Dey},
  title = {Managing Large Distributed Dynamic Graphs for Smart City Network Applications},
  booktitle = {2021 IEEE International Conference on Smart Technologies (ICST)},
  year = {2021},
  pages = {25--32},
  publisher = {IEEE}
}

@inproceedings{UrbanFlow2022,
  author = {J. Lin and H. Wu and Y. Zhang},
  title = {Urban Traffic Flow Optimization Using Network Flow Algorithms: A Ford-Fulkerson Based Case Study},
  booktitle = {Proceedings of the 2022 International Conference on Transportation and Smart Cities (ICoTSC)},
  year = {2022},
  pages = {112--118},
  publisher = {IEEE},
  doi = {10.1109/ICoTSC56234.2022.00021}
}

@article{zhang2015public,
  author = {Y. Zhang and L. Xie},
  title = {A Public Transportation Scheduling Algorithm Based on the Bellman-Ford Method},
  journal = {Journal of Intelligent Transportation Systems},
  volume = {19},
  number = {3},
  pages = {234--244},
  year = {2015}
}

@article{wang2019dtnt,
  author = {H. Wang and X. Li},
  title = {Delay-Tolerant Network Routing with Negative Cost Modeling using Bellman-Ford Algorithm},
  journal = {IEEE Transactions on Vehicular Technology},
  volume = {68},
  number = {10},
  pages = {9460--9471},
  year = {2019}
}

@article{fujii1994dynamic,
  author = {S. Fujii and T. Yoshikawa},
  title = {Dynamic Route Guidance System Using Precomputed Shortest Path Matrices},
  journal = {IEEE Transactions on Vehicular Technology},
  volume = {43},
  number = {4},
  pages = {460--466},
  year = {1994}
}

@inproceedings{han2012modeling,
  author = {Y. Han and J. Q. Li},
  title = {Modeling Transit Routing with Time-dependent Shortest Path Algorithms},
  booktitle = {Proceedings of the 91st Annual Meeting of the Transportation Research Board},
  year = {2012},
  organization = {Transportation Research Board}
}

@inproceedings{nannicini2008,
  author = {Giovanni Nannicini and Pietro Liberti and Daniel Savourey and Leo Toint},
  title = {A constraint-based approach to automatic generation of overlay networks for shortest path computation},
  booktitle = {Proceedings of the 7th International Symposium on Experimental Algorithms (SEA)},
  year = {2008},
  pages = {256--269},
  publisher = {Springer}
}

@inproceedings{geisberger2012,
  author = {Robert Geisberger and Dennis Luxen},
  title = {Unidirectional Speed-Up Techniques for Contraction Hierarchies},
  booktitle = {Proceedings of the 9th International Symposium on Experimental Algorithms (SEA)},
  year = {2012},
  pages = {302--313},
  publisher = {Springer}
}
@book{box1970time,
  author = {George E. P. Box and Gwilym M. Jenkins},
  title = {Time Series Analysis: Forecasting and Control},
  year = {1970},
  publisher = {Holden-Day}
}

@article{welch1995introduction,
  author = {Greg Welch and Gary Bishop},
  title = {An Introduction to the Kalman Filter},
  journal = {Technical Report},
  institution = {University of North Carolina at Chapel Hill},
  year = {1995}
}

@inproceedings{ma2015long,
  author = {Xuefeng Ma and Zhaobin Tao and Yu Wang and Haiyang Yu and Yuanqing Wang},
  title = {Long short-term memory neural network for traffic speed prediction using remote microwave sensor data},
  booktitle = {Transportation Research Part C: Emerging Technologies},
  volume = {54},
  pages = {187--197},
  year = {2015}
}

@inproceedings{xu2018deeptransport,
  author = {Yongliang Xu and Xinwei He and Jiajie Xu and Xiaolin Fang and Hongyuan Zha and Yuan Qi and Le Song},
  title = {DeepTransport: Learning spatial-temporal dependency for traffic condition forecasting},
  booktitle = {Proceedings of the Thirty-Second AAAI Conference on Artificial Intelligence},
  year = {2018},
  pages = {3284--3290}
}

@inproceedings{zhang2016dnn,
  author = {Junbo Zhang and Yu Zheng and Dekang Qi},
  title = {Deep Spatio-Temporal Residual Networks for Citywide Crowd Flows Prediction},
  booktitle = {Proceedings of the AAAI Conference on Artificial Intelligence},
  year = {2016},
  pages = {1655--1661}
}

@article{zhang2017deep,
  author = {Junbo Zhang and Yu Zheng and Dekang Qi},
  title = {DeepST: Deep Spatio-Temporal Prediction for Smart Transportation},
  journal = {IEEE Transactions on Intelligent Transportation Systems},
  volume = {20},
  number = {10},
  pages = {3927--3939},
  year = {2019}
}

@inproceedings{yuan2018tcn,
  author = {Yong Liu and Linjian Ma and Fei Wu and Chun Chen and Xiaofang Zhou},
  title = {A unified approach to route planning for shared mobility},
  booktitle = {Proceedings of the 27th ACM International Conference on Information and Knowledge Management (CIKM)},
  year = {2018},
  pages = {1263--1272}
}

@inproceedings{zheng2020gman,
  author = {Chenglong Zheng and Xiaoliang Fan and Cheng Wang and Jianzhong Qi},
  title = {GMAN: A Graph Multi-Attention Network for Traffic Prediction},
  booktitle = {Proceedings of the AAAI Conference on Artificial Intelligence},
  year = {2020},
  pages = {1234--1241}
}

@article{cho2014gru,
  author = {Kyunghyun Cho and Bart van Merriënboer and Dzmitry Bahdanau and Yoshua Bengio},
  title = {On the Properties of Neural Machine Translation: Encoder-Decoder Approaches},
  journal = {arXiv preprint arXiv:1409.1259},
  year = {2014},
  url = {https://arxiv.org/abs/1409.1259}
}

@article{deeproute2022,
  author = {Liu, Xiaodong and Wang, Jian and Zhang, Lei and Wu, Tong and Zhou, Liang},
  title = {DeepRoute: A Sequence-to-Sequence Destination-Aware Path Prediction Framework for Intelligent Vehicles},
  journal = {IEEE Transactions on Intelligent Transportation Systems},
  year = {2022},
  volume = {23},
  number = {10},
  pages = {18300--18313},
  doi = {10.1109/TITS.2022.3141835}
}

@inproceedings{qi2021destinationaware,
  author = {Qi, Yunlong and Li, Shihong and Chen, Xinyue and Shen, Yiyang and Zha, Zheng-Jun},
  title = {Destination-Aware Multi-Agent Reinforcement Learning for Dynamic Traffic Optimization},
  booktitle = {Proceedings of the 30th International Joint Conference on Artificial Intelligence (IJCAI)},
  year = {2021},
  pages = {3059--3065}
}

@misc{SUMO2018,
  title        = {{SUMO} - Simulation of Urban MObility},
  author       = {{DLR and contributors}},
  year         = {2018},
  howpublished = {\url{https://www.eclipse.org/sumo/}},
  note         = {Accessed: 2024-04-14}
}

@inproceedings{wang2018deeptte,
  title={When will you arrive? Estimating travel time based on deep neural networks},
  author={Wang, Jindong and Fu, Yaguang and Zhang, Zhenhui},
  booktitle={Proceedings of the AAAI Conference on Artificial Intelligence},
  year={2018},
  pages={2500--2507},
  doi={10.1609/aaai.v32i1.11772}
}

@article{xu2020tadnm,
  title={TADNM: A transportation-mode aware deep neural model for travel time estimation},
  author={Xu, Weijia and Lin, Zhen and Zhao, Yu and Zhang, Tao and Yang, Bin},
  journal={Applied Sciences},
  volume={10},
  number={21},
  pages={7599},
  year={2020},
  publisher={MDPI},
  doi={10.3390/app10217599}
}

@inproceedings{wang2022metatte,
  title={MetaTTE: A meta-learning framework for travel time estimation},
  author={Wang, Xi and Li, Jing and Yuan, Nicholas Jing},
  booktitle={Proceedings of the 28th ACM SIGKDD Conference on Knowledge Discovery and Data Mining},
  pages={4080--4088},
  year={2022},
  organization={ACM},
  doi={10.1145/3534678.3539066}
}

@inproceedings{abbar2020stad,
  title={STAD: Spatio-temporal adjustment for improving travel-time estimation},
  author={Abbar, Sofiane and Anagnostopoulos, Aris and Bhagat, Smriti and Cudre-Mauroux, Philippe and Kumar, Aditya},
  booktitle={Proceedings of the Web Conference 2020},
  pages={2839--2845},
  year={2020},
  organization={ACM},
  doi={10.1145/3366423.3380127}
}

@inproceedings{li2018dcrnn,
  title={Diffusion convolutional recurrent neural network: Data-driven traffic forecasting},
  author={Li, Yaguang and Yu, Rose and Shahabi, Cyrus and Liu, Yan},
  booktitle={International Conference on Learning Representations},
  year={2018}
}

@inproceedings{yu2018stgcn,
  title={Spatio-temporal graph convolutional networks: A deep learning framework for traffic forecasting},
  author={Yu, Bing and Yin, Haoteng and Zhu, Zhanxing},
  booktitle={Proceedings of the 27th International Joint Conference on Artificial Intelligence},
  pages={3634--3640},
  year={2018},
  doi={10.24963/ijcai.2018/505}
}

@inproceedings{wu2019graphwavenet,
  title={Graph WaveNet for deep spatial-temporal graph modeling},
  author={Wu, Zonghan and Pan, Shirui and Long, Guodong and Jiang, Jing and Zhang, Chengqi},
  booktitle={Proceedings of the 28th International Joint Conference on Artificial Intelligence},
  pages={1907--1913},
  year={2019},
  doi={10.24963/ijcai.2019/264}
}

@inproceedings{chen2016xgboost,
  title={XGBoost: A scalable tree boosting system},
  author={Chen, Tianqi and Guestrin, Carlos},
  booktitle={Proceedings of the 22nd ACM SIGKDD International Conference on Knowledge Discovery and Data Mining},
  pages={785--794},
  year={2016},
  organization={ACM},
  doi={10.1145/2939672.2939785}
}

@inproceedings{moreira2013porto,
  title={Predicting taxi--passenger demand using streaming data},
  author={Moreira-Matias, Luis and Gama, Joao and Ferreira, Michel and Mendes-Moreira, Joao and Damas, Luis},
  booktitle={2013 IEEE 16th International Conference on Intelligent Transportation Systems (ITSC)},
  pages={140--145},
  year={2013},
  organization={IEEE},
  doi={10.1109/ITSC.2013.6728228}
}

@misc{nyc_tlc,
  title={New York City Taxi and Limousine Commission Trip Record Data},
  author={{NYC TLC}},
  howpublished={\url{https://www.nyc.gov/site/tlc/about/tlc-trip-record-data.page}},
  year={2013--},
  note={Accessed: 2025-08-26}
}

@misc{didi2016,
  title={Di-Tech Challenge 2016},
  author={{DiDi Chuxing Research}},
  howpublished={\url{https://outreach.didichuxing.com/research/opendata/en/}},
  year={2016},
  note={Accessed: 2025-08-26}
}

@inproceedings{zheng2012geolife,
  title={Mining interesting locations and travel sequences from GPS trajectories},
  author={Zheng, Yu and Zhang, Lizhu and Ma, Zhiyong and Xie, Xing and Ma, Wei-Ying},
  booktitle={Proceedings of the 18th international conference on World wide web},
  pages={791--800},
  year={2009},
  organization={ACM},
  doi={10.1145/1526709.1526816}
}

@inproceedings{voloch2025smart,
  title={Estimating accurate traffic time by smart simulative route predictions},
  author={Voloch, Nadav and Penkar, Neev and Tordjman, Guy},
  booktitle={2025 IEEE International Conference on Microwaves, Antennas, Communications and Electronic Systems (COMCAS)},
  year={2025},
  organization={IEEE},
  note={To appear}
}

@inproceedings{derrowpinion2021googlemaps,
  title={ETA Prediction with Graph Neural Networks in Google Maps},
  author={Derrow-Pinion, Austin and She, Jennifer and Wong, David and Lange, Oliver and Hester, Todd and Perez, Luis and Nunkesser, Marc and Lee, Seongjae and Guo, Xueying and Wiltshire, Brett and Battaglia, Peter W. and Gupta, Vishal and Li, Ang and Xu, Zhongwen and Sanchez-Gonzalez, Alvaro and Li, Yujia and Veličković, Petar},
  booktitle={Proceedings of the 27th ACM SIGKDD Conference on Knowledge Discovery \& Data Mining},
  year={2021},
  pages={e.g., 4034--4042},
  doi={10.1145/3459637.3481916},
  url={https://arxiv.org/abs/2108.11482}
}

@article{hoseinzadeh2020waze,
  title={Quality of location-based crowdsourced speed data on surface streets: A case study of Waze and Bluetooth speed data in Sevierville, TN},
  author={Hoseinzadeh, Nima and Liu, Yuandong and Han, Lee D. and Brakewood, Candace and Mohammadnazar, Amin},
  journal={Computers, Environment and Urban Systems},
  volume={83},
  pages={101518},
  year={2020},
  publisher={Elsevier},
  doi={10.1016/j.compenvurbsys.2020.101518}
}

@article{amin-naseri2018waze,
  title={Evaluating the Reliability, Coverage, and Added Value of Crowdsourced Traffic Incident Reports from Waze},
  author={Amin-Naseri, Mostafa and Chakraborty, Pranamesh and Sharma, Anuj and Gilbert, Stephen B. and Hong, Michelle},
  journal={Transportation Research Record},
  volume={2672},
  number={43},
  pages={34--43},
  year={2018},
  publisher={SAGE},
  doi={10.1177/0361198118790619}
}
@misc{wazeforcities2021,
  title={Waze for Cities: Real-Time Traffic Data for Smarter Urban Planning},
  author={{Waze Mobile}},
  year={2021},
  howpublished={\url{https://www.waze.com/wazeforcities/}},
  note={Accessed: 2025-08-26}
}

@inproceedings{goldberg2005alt,
  title={Computing the shortest path: A* search meets graph theory},
  author={Goldberg, Andrew V. and Harrelson, Chris},
  booktitle={Proceedings of the Sixteenth Annual ACM-SIAM Symposium on Discrete Algorithms (SODA)},
  pages={156--165},
  year={2005}
}

@inproceedings{geisberger2008ch,
  title={Contraction Hierarchies: Faster and simpler hierarchical routing in road networks},
  author={Geisberger, Robert and Sanders, Peter and Schultes, Dominik and Delling, Daniel},
  booktitle={International Workshop on Experimental and Efficient Algorithms (WEA)},
  pages={319--333},
  year={2008},
  publisher={Springer}
}

@inproceedings{abraham2010highwaydimension,
  title={Highway Dimension, Shortest Paths, and Provably Efficient Algorithms},
  author={Abraham, Ittai and Fiat, Amos and Goldberg, Andrew V. and Werneck, Renato F.},
  booktitle={Proceedings of the 21st Annual ACM-SIAM Symposium on Discrete Algorithms (SODA)},
  pages={782--793},
  year={2010},
  doi={10.1137/1.9781611973075.64}
}

@inproceedings{delling2011crp,
  title={Customizable Route Planning},
  author={Delling, Daniel and Goldberg, Andrew V. and Pajor, Thomas and Werneck, Renato F.},
  booktitle={International Symposium on Experimental Algorithms (SEA)},
  pages={376--387},
  year={2011},
  publisher={Springer}
}

@inproceedings{yen1971ksp,
  title={Finding the K Shortest Loopless Paths in a Network},
  author={Yen, Jin Y.},
  booktitle={Management Science},
  volume={17},
  number={11},
  pages={712--716},
  year={1971},
  doi={10.1287/mnsc.17.11.712}
}

@inproceedings{ke2017lightgbm,
  title={LightGBM: A highly efficient gradient boosting decision tree},
  author={Ke, Guolin and Meng, Qi and Finley, Thomas and Wang, Taifeng and Chen, Wei and Ma, Weidong and Ye, Qiwei and Liu, Tie-Yan},
  booktitle={Advances in Neural Information Processing Systems},
  year={2017}
}

@inproceedings{kipf2017gcn,
  title={Semi-Supervised Classification with Graph Convolutional Networks},
  author={Kipf, Thomas N. and Welling, Max},
  booktitle={International Conference on Learning Representations},
  year={2017}
}

@article{jacobs1991moe,
  title={Adaptive Mixtures of Local Experts},
  author={Jacobs, Robert A. and Jordan, Michael I. and Nowlan, Steven J. and Hinton, Geoffrey E.},
  journal={Neural Computation},
  volume={3},
  number={1},
  pages={79--87},
  year={1991}
}

@inproceedings{vaswani2017attention,
  title={Attention Is All You Need},
  author={Vaswani, Ashish and Shazeer, Noam and Parmar, Niki and Uszkoreit, Jakob and Jones, Llion and Gomez, Aidan N. and Kaiser, {\L}ukasz and Polosukhin, Illia},
  booktitle={Advances in Neural Information Processing Systems},
  year={2017}
}

@inproceedings{fey2019pyg,
  title={PyTorch Geometric: A Library for Graph Deep Learning},
  author={Fey, Matthias and Lenssen, Jan E.},
  booktitle={ICLR Workshop on Representation Learning on Graphs and Manifolds},
  year={2019}
}